<record><leader>00000cas a22000007a 4500</leader><controlfield tag="001">9378311</controlfield><controlfield tag="008">830405d18631995riudn ne      0    0eng d</controlfield><datafield ind1=" " ind2=" " tag="010"><subfield code="a">sn 83045219 </subfield></datafield><datafield ind1=" " ind2=" " tag="040"><subfield code="a">CRL</subfield><subfield code="b">eng</subfield><subfield code="c">CRL</subfield><subfield code="d">NPW</subfield><subfield code="d">NPX</subfield><subfield code="d">NPU</subfield><subfield code="d">NPX</subfield><subfield code="d">DLC</subfield><subfield code="d">RHN</subfield><subfield code="d">MGN</subfield><subfield code="d">CRL</subfield><subfield code="d">OCL</subfield><subfield code="d">DLC</subfield><subfield code="d">KRTAS</subfield><subfield code="d">DLC</subfield><subfield code="d">OCLCA</subfield><subfield code="d">OCLCF</subfield><subfield code="d">DLC</subfield></datafield><datafield ind1=" " ind2=" " tag="019"><subfield code="a">50814606</subfield></datafield><datafield ind1=" " ind2=" " tag="042"><subfield code="a">msc</subfield></datafield><datafield ind1=" " ind2=" " tag="043"><subfield code="a">n-us-ri</subfield></datafield><datafield ind1="0" ind2="0" tag="050"><subfield code="a">Newspaper</subfield></datafield><datafield ind1="0" ind2=" " tag="130"><subfield code="a">Evening bulletin (Providence, R.I.)</subfield></datafield><datafield ind1="1" ind2="4" tag="245"><subfield code="a">The evening bulletin.</subfield></datafield><datafield ind1="1" ind2="7" tag="246"><subfield code="a">Providence evening bulletin</subfield><subfield code="f">Feb. 6, 1956-Feb. 1, 1974</subfield></datafield><datafield ind1="1" ind2="7" tag="246"><subfield code="a">Providence journal-bulletin</subfield><subfield code="f">Feb. 25, 1976-June 2, 1995</subfield></datafield><datafield ind1=" " ind2=" " tag="260"><subfield code="a">Providence, R.I. :</subfield><subfield code="b">[Knowles, Anthony &amp; Danielson],</subfield><subfield code="c">1863-1995.</subfield></datafield><datafield ind1=" " ind2=" " tag="300"><subfield code="a">133 v.</subfield></datafield><datafield ind1=" " ind2=" " tag="310"><subfield code="a">Daily (except Saturday, Sunday, and holidays),</subfield><subfield code="b">Nov. 27, 1972-Jan. 2, 1995</subfield></datafield><datafield ind1=" " ind2=" " tag="321"><subfield code="a">Daily (except Sunday and holidays),</subfield><subfield code="b">Jan. 26, 1863-Nov. 25, 1972</subfield></datafield><datafield ind1="0" ind2=" " tag="362"><subfield code="a">Vol. 1, no. 1 (Jan. 26, 1863)-v. 113, no. 155 (Aug. 8, 1975) ; 113th year, no. 156 (Aug. 12, 1975)-125th year, no. 186 (Sept. 23, 1988) ; v. 16, no. 187 (Sept. 26, 1988)-v. 23, no. 130 (June 2, 1995).</subfield></datafield><datafield ind1=" " ind2=" " tag="500"><subfield code="a">Published in several regional editions.</subfield></datafield><datafield ind1=" " ind2=" " tag="500"><subfield code="a">Not published Apr. 15, 1972.</subfield></datafield><datafield ind1=" " ind2=" " tag="515"><subfield code="a">Suspended Sept. 14, 1973; resumed Sept. 26, 1973.</subfield></datafield><datafield ind1=" " ind2=" " tag="530"><subfield code="a">Available on microfilm from Bell &amp; Howell Information and Learning, New England Micrographics, Inc., and Spaulding Co., Inc.</subfield></datafield><datafield ind1=" " ind2=" " tag="580"><subfield code="a">Morning eds.: Providence daily journal, 1863-Feb. 9, 1920; Providence journal, Feb. 10, 1920-June 1995</subfield></datafield><datafield ind1=" " ind2=" " tag="580"><subfield code="a">Weekly ed.: Rhode-Island country journal, 1863-1897.</subfield></datafield><datafield ind1=" " ind2=" " tag="580"><subfield code="a">Semiweekly ed.: Manufacturers and farmers journal, 1863-1907.</subfield></datafield><datafield ind1=" " ind2=" " tag="580"><subfield code="a">Merged with: Providence journal, to form: Providence journal-bulletin.</subfield></datafield><datafield ind1=" " ind2="0" tag="651"><subfield code="a">Providence (R.I.)</subfield><subfield code="v">Newspapers.</subfield></datafield><datafield ind1=" " ind2="0" tag="651"><subfield code="a">Providence County (R.I.)</subfield><subfield code="v">Newspapers.</subfield></datafield><datafield ind1=" " ind2="7" tag="651"><subfield code="a">Rhode Island</subfield><subfield code="z">Providence.</subfield><subfield code="2">fast</subfield><subfield code="0">(OCoLC)fst01204977</subfield></datafield><datafield ind1=" " ind2="7" tag="651"><subfield code="a">Rhode Island</subfield><subfield code="z">Providence County.</subfield><subfield code="2">fast</subfield><subfield code="0">(OCoLC)fst01211868</subfield></datafield><datafield ind1=" " ind2="7" tag="655"><subfield code="a">Newspapers.</subfield><subfield code="2">fast</subfield><subfield code="0">(OCoLC)fst01423814</subfield></datafield><datafield ind1=" " ind2=" " tag="752"><subfield code="a">United States</subfield><subfield code="b">Rhode Island</subfield><subfield code="c">Providence</subfield><subfield code="d">Providence.</subfield></datafield><datafield ind1="1" ind2=" " tag="775"><subfield code="t">Providence daily journal</subfield><subfield code="x">2574-3422</subfield><subfield code="w">(DLC)sn 83021631</subfield><subfield code="w">(OCoLC)2266552</subfield><subfield code="g">1863-Feb. 9, 1920</subfield></datafield><datafield ind1="1" ind2=" " tag="775"><subfield code="t">Providence journal</subfield><subfield code="w">(DLC)sn 83045378</subfield><subfield code="w">(OCoLC)9440205</subfield><subfield code="g">Feb. 10, 1920-June 1995</subfield></datafield><datafield ind1="1" ind2=" " tag="775"><subfield code="t">Rhode-Island country journal</subfield><subfield code="w">(DLC)sn 83021409</subfield><subfield code="w">(OCoLC)10257860</subfield><subfield code="g">1863-1897</subfield></datafield><datafield ind1="1" ind2=" " tag="775"><subfield code="t">Manufacturers and farmers journal</subfield><subfield code="w">(DLC)sn 83021620</subfield><subfield code="w">(OCoLC)10258084</subfield><subfield code="g">1863-1907</subfield></datafield><datafield ind1="1" ind2="7" tag="785"><subfield code="t">Providence journal</subfield><subfield code="w">(DLC)sn 83045378</subfield><subfield code="w">(OCoLC)9440205</subfield></datafield><datafield ind1="1" ind2="7" tag="785"><subfield code="t">Providence journal-bulletin</subfield><subfield code="w">(DLC)sn 95021923</subfield><subfield code="w">(OCoLC)32602766</subfield></datafield><datafield ind1=" " ind2=" " tag="938"><subfield code="a">Kirtas Technologies, Inc.</subfield><subfield code="b">KRTS</subfield><subfield code="n">736440</subfield></datafield><datafield ind1="1" ind2=" " tag="029"><subfield code="a">AU@</subfield><subfield code="b">000020227666</subfield></datafield></record>